@misc{UnityCollision,
title={Unity - Scripting API: Collider.OnCollisionEnter(Collision)},
url={https://docs.unity3d.com/ScriptReference/Collider.OnCollisionEnter.html},
journal={Docs.unity3d.com},
author={Technologies, Unity},
year={2018}}

@misc{UnityTrigger,
title={Unity - Scripting API: Collider.OnTriggerEnter(Collider)},
url={https://docs.unity3d.com/ScriptReference/Collider.OnTriggerEnter.html},
journal={Docs.unity3d.com},
author={Technologies, Unity},
year={2018}}

@misc{UnrealCollision,
title={Collision Overview},
url={https://docs.unrealengine.com/en-US/Engine/Physics/Collision/Overview},
journal={Docs.unrealengine.com},
author={Games, Epic},
year={2018}}


